

@ARTICLE{class_hid,
   author = "{USB Implementers Forum}",
   title = "Device Class Definition for Human Interface Devices (HID)",
   year = "1996-2001"
}

@ARTICLE{class_audio,
   author = "{USB Implementers Forum}",
   title = "Audio Device Document 1.0",
   year = "1998"
}

@ARTICLE{class_cdc,
   author = "{USB Implementers Forum}",
   title = "Class Definitions for Communication Devices 1.1",
   year = "1999"
}

@ARTICLE{onthego,
   author = "{USB Implementers Forum}",
   title = "USB On The Go",
   year = "1996-2001"
}
@ARTICLE{eagle,
   author = "{CadSoft Computer GmbH}",
   title = "EAGLE Layout Editor",
   year = "2007"
}
@ARTICLE{avrdude,
   author = "Brian Dean",
   title = "http://www.bsdhome.com/avrdude"
}

@ARTICLE{gcc,
   author = "{GNU Projekt}",
   title = "http://gcc.gnu.org"
}
@ARTICLE{kermit,
   author = "{Columbia University (New York)}",
   title = "http://www.columbia.edu/kermit"
}
@ARTICLE{usbprog,
   author = "Benedikt Sauter",
   title = "http://www.embedded-projects.net/usbprog"
}
@ARTICLE{national,
   author = "{National Semiconductor}",
   title = "http://www.national.com"
}

@ARTICLE{cypress,
   author = "{Cypress Semiconductor Corporation}",
   title = "http://www.cypress.com"
}

@ARTICLE{maxim,
   author = "{Maxim Integrated Products}",
   title = "http://www.maxim-ic.com"
}



@ARTICLE{class_msd,
   author = "{USB Implementers Forum}",
   title = "Mass Storage Overview 1.2"
}

@ARTICLE{class_print,
   author = "{USB Implementers Forum}",
   title = "Printer Device Class Document 1.1"
}


@ARTICLE{usb_class,
   author = "{USB Implementers Forum}",
   title = "http://www.usb.org/developers/devclass\_docs"
}
@ARTICLE{usborg,
   author = "{USB Implementers Forum}",
   title = "http://www.usb.org"
}
@ARTICLE{dpll,
   author = "Wikipedia",
   title = "http://en.wikipedia.org/wiki/DPLL\_algorithm",
   year = "2007"
}
@ARTICLE{usb_spec,
   author = "{USB Implementers Forum}",
   title = "USB 1.1 specification",
   year = "1998"
}

@ARTICLE{libusb,
   author = "Johannes Erdfelt",
   title = "http://libusb.sourceforge.net"
}

@ARTICLE{kernel,
   author = "{GNU/Linux Team}",
   title = "http://www.kernel.org"
}


@Book{axelson2001,
  author =	 {Jan Axelson},
  title = 	 {USB Handbuch für Entwickler},
  publisher = 	 {MITP-Verlag},
  year = 	 2001,
  address =	 {Bonn}
}


@Book{kelm2001,
  author =	 {Hans-Joachim Kelm},
  title = 	 {USB 2.0},
  publisher = 	 {Franzis Verlag GmbH},
  year = 	 2003,
  address =	 {85586 Poing}
}
